<?xml version="1.0" encoding="UTF-8"?><collection xmlns="http://www.loc.gov/MARC21/slim"><record><leader>00604nam--2200193-i-4500</leader><controlfield tag="001">000032988</controlfield><controlfield tag="002">20161230</controlfield><controlfield tag="005">20161230201039</controlfield><controlfield tag="008">060222s1000------------r-----000-0-rum-d</controlfield><datafield ind1=" " ind2=" " tag="040"><subfield code="a">IFIN-HH</subfield></datafield><datafield ind1=" " ind2=" " tag="041"><subfield code="a">rum</subfield></datafield><datafield ind1=" " ind2=" " tag="080"><subfield code="a">539.163</subfield></datafield><datafield ind1="1" ind2=" " tag="100"><subfield code="a">Tanase, Mioara</subfield></datafield><datafield ind1="1" ind2="0" tag="245"><subfield code="a">Optimizarea metrologica a determinarii radionuclizilor naturali in materiile prime folosite la c.s. sidex s.a. galati</subfield><subfield code="b">Teza</subfield><subfield code="c">Mioara tanase</subfield></datafield><datafield ind1=" " ind2=" " tag="260"><subfield code="a">Bucuresti</subfield><subfield code="b">Universitatea</subfield><subfield code="c">2005</subfield></datafield><datafield ind1=" " ind2=" " tag="300"><subfield code="a">124P</subfield></datafield><datafield ind1=" " ind2=" " tag="502"><subfield code="a">Conducator Stiintific: Dr. Enric Leon Georgescu</subfield></datafield><datafield ind1=" " ind2=" " tag="852"><subfield code="a">81657</subfield><subfield code="c">539.163</subfield></datafield><datafield ind1=" " ind2=" " tag="CAT"><subfield code="a">Sys</subfield><subfield code="c">20120518</subfield><subfield code="h">121901</subfield></datafield></record></collection>